<record><leader>00000cas a22000007a 4500</leader><controlfield tag="001">10253686</controlfield><controlfield tag="008">831228d18561953njuwr ne      0    0eng d</controlfield><controlfield tag="009">3781</controlfield><datafield ind1=" " ind2=" " tag="010"><subfield code="a">sn 83032313 </subfield></datafield><datafield ind1=" " ind2=" " tag="040"><subfield code="a">NPU</subfield><subfield code="b">eng</subfield><subfield code="c">NPU</subfield><subfield code="d">DLC</subfield><subfield code="d">NPX</subfield><subfield code="d">NPA</subfield><subfield code="d">NJW</subfield></datafield><datafield ind1="1" ind2=" " tag="029"><subfield code="a">AU@</subfield><subfield code="b">000025836490</subfield></datafield><datafield ind1=" " ind2=" " tag="042"><subfield code="a">msc</subfield></datafield><datafield ind1="0" ind2="0" tag="050"><subfield code="a">Newspaper 7002</subfield></datafield><datafield ind1="0" ind2="0" tag="245"><subfield code="a">Hunterdon Republican.</subfield></datafield><datafield ind1=" " ind2=" " tag="260"><subfield code="a">Flemington, N.J. :</subfield><subfield code="b">Thomas E. Bartow,</subfield><subfield code="c">1856-</subfield></datafield><datafield ind1=" " ind2=" " tag="300"><subfield code="a">v. :</subfield><subfield code="b">ill.</subfield></datafield><datafield ind1=" " ind2=" " tag="310"><subfield code="a">Weekly</subfield></datafield><datafield ind1="0" ind2=" " tag="362"><subfield code="a">Vol. 1, no. 1 (Oct. 15, 1856)-</subfield></datafield><datafield ind1="1" ind2=" " tag="362"><subfield code="a">Ceased in 1953.</subfield></datafield><datafield ind1=" " ind2=" " tag="500"><subfield code="a">Publishers: Thomas E. Bartow, 1856-1863; Allen &amp; Callis, 1863-1872; William G. Callis, 1872-1910; Webster &amp; Abbott, 1910-1913; W.A. Abbott, 1913-1938; Hunterdon Republican, Inc., 1938-1943; Hunterdon Newspapers, Inc., 1943-1945; Eastern Newspapers, Inc., 1945-1950; J.W. Bowley, 1950-1953.</subfield></datafield><datafield ind1=" " ind2=" " tag="515"><subfield code="a">Numbering irregularities.</subfield></datafield><datafield ind1=" " ind2=" " tag="530"><subfield code="a">Also issued on microfilm as part of the Civil War newspapers collection.</subfield></datafield><datafield ind1=" " ind2=" " tag="500"><subfield code="a">Editors: Thomas E. Bartow, 1856-1863; George A. Allen, 1863-1872; William G. Callis, 1863-&lt;1901&gt;; Chas. Webster, &lt;1901-1910&gt;; W.A. Abbott, &lt;1913&gt;-1938; Hartland Mershon, 1938-1942; Hal W. Cole, 1942-1943; Ray T. Bailey, 1943-&lt;1950&gt;; Grace O'Rourke, &lt;1950&gt;.</subfield></datafield><datafield ind1=" " ind2=" " tag="500"><subfield code="a">"Republican."</subfield></datafield><datafield ind1=" " ind2=" " tag="752"><subfield code="a">United States</subfield><subfield code="b">New Jersey</subfield><subfield code="c">Hunterdon.</subfield></datafield><datafield ind1="0" ind2="5" tag="780"><subfield code="t">Clinton Democrat (Clinton, N.J.)</subfield><subfield code="w">(DLC)sn 83032228</subfield><subfield code="w">(OCoLC)10223189</subfield></datafield><datafield ind1="0" ind2="5" tag="780"><subfield code="t">Hunterdon independent</subfield><subfield code="w">(DLC)sn 83032311</subfield><subfield code="w">(OCoLC)10253836</subfield></datafield></record>